%% This BibTeX bibliography file was created using BibDesk.
%% http://bibdesk.sourceforge.net/


%% Created for Dan F-M at 2016-10-05 10:00:16 -0700 


%% Saved with string encoding Unicode (UTF-8) 



@article{Fang:2012,
	Adsnote = {Provided by the SAO/NASA Astrophysics Data System},
	Adsurl = {http://adsabs.harvard.edu/abs/2012ApJ...761...92F},
	Archiveprefix = {arXiv},
	Author = {{Fang}, J. and {Margot}, J.-L.},
	Date-Added = {2016-10-05 16:59:15 +0000},
	Date-Modified = {2016-10-05 16:59:15 +0000},
	Doi = {10.1088/0004-637X/761/2/92},
	Eid = {92},
	Eprint = {1207.5250},
	Journal = {\apj},
	Keywords = {methods: statistical, planetary systems, planets and satellites: detection, planets and satellites: general},
	Month = dec,
	Pages = {92},
	Primaryclass = {astro-ph.EP},
	Title = {{Architecture of Planetary Systems Based on Kepler Data: Number of Planets and Coplanarity}},
	Volume = 761,
	Year = 2012,
	Bdsk-Url-1 = {http://dx.doi.org/10.1088/0004-637X/761/2/92}}

@article{Ballard:2016,
	Adsnote = {Provided by the SAO/NASA Astrophysics Data System},
	Adsurl = {http://adsabs.harvard.edu/abs/2016ApJ...816...66B},
	Author = {{Ballard}, S. and {Johnson}, J.~A.},
	Date-Added = {2016-10-05 16:59:09 +0000},
	Date-Modified = {2016-10-05 16:59:09 +0000},
	Doi = {10.3847/0004-637X/816/2/66},
	Eid = {66},
	Journal = {\apj},
	Keywords = {eclipses, planetary systems},
	Month = jan,
	Pages = {66},
	Title = {{The Kepler Dichotomy among the M Dwarfs: Half of Systems Contain Five or More Coplanar Planets}},
	Volume = 816,
	Year = 2016,
	Bdsk-Url-1 = {http://dx.doi.org/10.3847/0004-637X/816/2/66}}

@article{Tremaine:2012,
	Adsnote = {Provided by the SAO/NASA Astrophysics Data System},
	Adsurl = {http://adsabs.harvard.edu/abs/2012AJ....143...94T},
	Archiveprefix = {arXiv},
	Author = {{Tremaine}, S. and {Dong}, S.},
	Date-Added = {2016-10-05 16:59:03 +0000},
	Date-Modified = {2016-10-05 16:59:03 +0000},
	Doi = {10.1088/0004-6256/143/4/94},
	Eid = {94},
	Eprint = {1106.5403},
	Journal = {\aj},
	Keywords = {methods: statistical, planets and satellites: detection, planets and satellites: fundamental parameters},
	Month = apr,
	Pages = {94},
	Primaryclass = {astro-ph.EP},
	Title = {{The Statistics of Multi-planet Systems}},
	Volume = 143,
	Year = 2012,
	Bdsk-Url-1 = {http://dx.doi.org/10.1088/0004-6256/143/4/94}}

@article{Christiansen:2013,
	Adsnote = {Provided by the SAO/NASA Astrophysics Data System},
	Adsurl = {http://adsabs.harvard.edu/abs/2013ApJS..207...35C},
	Archiveprefix = {arXiv},
	Author = {{Christiansen}, J.~L. and {Clarke}, B.~D. and {Burke}, C.~J. and {Jenkins}, J.~M. and {Barclay}, T.~S. and {Ford}, E.~B. and {Haas}, M.~R. and {Sabale}, A. and {Seader}, S. and {Claiborne Smith}, J. and {Tenenbaum}, P. and {Twicken}, J.~D. and {Kamal Uddin}, A. and {Thompson}, S.~E.},
	Date-Added = {2016-10-05 16:36:07 +0000},
	Date-Modified = {2016-10-05 16:36:08 +0000},
	Doi = {10.1088/0067-0049/207/2/35},
	Eid = {35},
	Eprint = {1303.0255},
	Journal = {\apjs},
	Keywords = {methods: data analysis, planets and satellites: detection},
	Month = aug,
	Pages = {35},
	Primaryclass = {astro-ph.EP},
	Title = {{Measuring Transit Signal Recovery in the Kepler Pipeline. I. Individual Events}},
	Volume = 207,
	Year = 2013,
	Bdsk-Url-1 = {http://dx.doi.org/10.1088/0067-0049/207/2/35}}

@article{Christiansen:2015,
	Adsnote = {Provided by the SAO/NASA Astrophysics Data System},
	Adsurl = {http://adsabs.harvard.edu/abs/2015ApJ...810...95C},
	Archiveprefix = {arXiv},
	Author = {{Christiansen}, J.~L. and {Clarke}, B.~D. and {Burke}, C.~J. and {Seader}, S. and {Jenkins}, J.~M. and {Twicken}, J.~D. and {Catanzarite}, J.~D. and {Smith}, J.~C. and {Batalha}, N.~M. and {Haas}, M.~R. and {Thompson}, S.~E. and {Campbell}, J.~R. and {Sabale}, A. and {Kamal Uddin}, A.},
	Date-Added = {2016-10-05 16:36:07 +0000},
	Date-Modified = {2016-10-05 16:36:08 +0000},
	Doi = {10.1088/0004-637X/810/2/95},
	Eid = {95},
	Eprint = {1507.05097},
	Journal = {\apj},
	Keywords = {methods: data analysis, techniques: photometric},
	Month = sep,
	Pages = {95},
	Primaryclass = {astro-ph.EP},
	Title = {{Measuring Transit Signal Recovery in the Kepler Pipeline II: Detection Efficiency as Calculated in One Year of Data}},
	Volume = 810,
	Year = 2015,
	Bdsk-Url-1 = {http://dx.doi.org/10.1088/0004-637X/810/2/95}}

@article{Hunter:2007,
	Author = {Hunter, John D and others},
	Date-Added = {2016-10-05 16:33:39 +0000},
	Date-Modified = {2016-10-05 16:33:39 +0000},
	Journal = {Computing in science and engineering},
	Number = {3},
	Pages = {90--95},
	Title = {Matplotlib: A 2D graphics environment},
	Volume = {9},
	Year = {2007}}

@article{Van-Der-Walt:2011,
	Author = {Van Der Walt, Stefan and Colbert, S Chris and Varoquaux, Gael},
	Date-Added = {2016-10-05 16:33:29 +0000},
	Date-Modified = {2016-10-05 16:33:29 +0000},
	Journal = {Computing in Science \& Engineering},
	Number = {2},
	Pages = {22--30},
	Publisher = {AIP Publishing},
	Title = {The NumPy array: a structure for efficient numerical computation},
	Volume = {13},
	Year = {2011}}

@misc{Jones:2001,
	Author = {Eric Jones and Travis Oliphant and Pearu Peterson and others},
	Date-Added = {2016-10-05 16:33:19 +0000},
	Date-Modified = {2016-10-05 16:33:19 +0000},
	Title = {{SciPy}: Open source scientific tools for {Python}},
	Url = {http://www.scipy.org/},
	Year = {2001},
	Bdsk-Url-1 = {http://www.scipy.org/}}

@article{Foreman-Mackey:2016,
	Author = {Daniel Foreman-Mackey},
	Date-Added = {2016-10-05 16:33:01 +0000},
	Date-Modified = {2016-10-05 16:33:01 +0000},
	Doi = {10.21105/joss.00024},
	Journal = {The Journal of Open Source Software},
	Title = {corner.py: Scatterplot matrices in Python},
	Url = {http://dx.doi.org/10.5281/zenodo.45906},
	Volume = 24,
	Year = 2016,
	Bdsk-Url-1 = {http://dx.doi.org/10.5281/zenodo.45906},
	Bdsk-Url-2 = {http://dx.doi.org/10.21105/joss.00024}}

@article{Burke:2015,
	Adsnote = {Provided by the SAO/NASA Astrophysics Data System},
	Adsurl = {http://adsabs.harvard.edu/abs/2015ApJ...809....8B},
	Archiveprefix = {arXiv},
	Author = {{Burke}, C.~J. and {Christiansen}, J.~L. and {Mullally}, F. and {Seader}, S. and {Huber}, D. and {Rowe}, J.~F. and {Coughlin}, J.~L. and {Thompson}, S.~E. and {Catanzarite}, J. and {Clarke}, B.~D. and {Morton}, T.~D. and {Caldwell}, D.~A. and {Bryson}, S.~T. and {Haas}, M.~R. and {Batalha}, N.~M. and {Jenkins}, J.~M. and {Tenenbaum}, P. and {Twicken}, J.~D. and {Li}, J. and {Quintana}, E. and {Barclay}, T. and {Henze}, C.~E. and {Borucki}, W.~J. and {Howell}, S.~B. and {Still}, M.},
	Date-Added = {2016-10-05 16:32:05 +0000},
	Date-Modified = {2016-10-05 16:32:05 +0000},
	Doi = {10.1088/0004-637X/809/1/8},
	Eid = {8},
	Eprint = {1506.04175},
	Journal = {\apj},
	Keywords = {catalogs, eclipses, methods: statistical, planetary systems, space vehicles, surveys},
	Month = aug,
	Pages = {8},
	Primaryclass = {astro-ph.EP},
	Title = {{Terrestrial Planet Occurrence Rates for the Kepler GK Dwarf Sample}},
	Volume = 809,
	Year = 2015,
	Bdsk-Url-1 = {http://dx.doi.org/10.1088/0004-637X/809/1/8}}
